@article{DES2024,
    author = "Faga, L. and others",
    collaboration = "DES",
    title = "{Dark Energy Survey Year 3 Results: Cosmology from galaxy clustering and galaxy-galaxy lensing in harmonic space}",
    eprint = "2406.12675",
    archivePrefix = "arXiv",
    primaryClass = "astro-ph.CO",
    reportNumber = "FERMILAB-PUB-24-0289-PPD",
    month = "6",
    year = "2024"
}

@mastersthesis{alexandra_msc,
  author       = {Petreca, Alexandra Turmina},
  title        = {The Impact of Systematic Effects on the Cosmic Distance Ladder},
  school       = {Instituto de Física, University of São Paulo},
  year         = {2024},
  type         = {Master's Dissertation in Física},
  note         = {doi:10.11606/D.43.2024.tde-29022024-122517},
  url          = {https://doi.org/10.11606/D.43.2024.tde-29022024-122517},
  date         = {2024-08-31}
}

@article{systematics2023,
title = {Investigating the Hubble tension: Effect of cepheid calibration},
journal = {Physics Letters B},
volume = {840},
pages = {137886},
year = {2023},
issn = {0370-2693},
doi = {https://doi.org/10.1016/j.physletb.2023.137886},
url = {https://www.sciencedirect.com/science/article/pii/S0370269323002204}
}

@article{HMcode,
    author = {Mead, A J and Brieden, S and Tröster, T and Heymans, C},
    title = "{HMcode-2020: improved modelling of non-linear cosmological power spectra with baryonic feedback}",
    journal = {Monthly Notices of the Royal Astronomical Society},
    volume = {502},
    number = {1},
    pages = {1401-1422},
    year = {2021},
    month = {01},
    issn = {0035-8711},
    doi = {10.1093/mnras/stab082},
    url = {https://doi.org/10.1093/mnras/stab082},
    eprint = {https://academic.oup.com/mnras/article-pdf/502/1/1401/42438464/stab082.pdf},
}

@article{Riess2021,
    author = "Riess, Adam G. et al.",
    title = "{A Comprehensive Measurement of the Local Value of the Hubble Constant with 1 km s$^{-1}$ Mpc$^{-1}$ Uncertainty from the Hubble Space Telescope and the SH0ES Team}",
    eprint = "2112.04510",
    archivePrefix = "arXiv",
    primaryClass = "astro-ph.CO",
    doi = "10.3847/2041-8213/ac5c5b",
    journal = "Astrophys. J. Lett.",
    volume = "934",
    number = "1",
    pages = "L7",
    year = "2022"
}

@article{Riess_1998,
doi = {10.1086/300499},
url = {https://dx.doi.org/10.1086/300499},
year = {1998},
month = {sep},
publisher = {},
volume = {116},
number = {3},
pages = {1009},
author = {Adam G. Riess and Alexei V. Filippenko and Peter Challis and Alejandro Clocchiatti and Alan Diercks and Peter M. Garnavich and Ron L. Gilliland and Craig J. Hogan and Saurabh Jha and Robert P. Kirshner and B. Leibundgut and M. M. Phillips and David Reiss and Brian P. Schmidt and Robert A. Schommer and R. Chris Smith and J. Spyromilio and Christopher Stubbs and Nicholas B. Suntzeff and John Tonry},
title = {Observational Evidence from Supernovae for an Accelerating Universe and a Cosmological Constant},
journal = {The Astronomical Journal}
}

@article{Perlmutter_1999,
doi = {10.1086/307221},
url = {https://dx.doi.org/10.1086/307221},
year = {1999},
month = {jun},
publisher = {},
volume = {517},
number = {2},
pages = {565},
author = {S. Perlmutter and G. Aldering and G. Goldhaber and R. A. Knop and P. Nugent and P. G. Castro and S. Deustua and S. Fabbro and A. Goobar and D. E. Groom and I. M. Hook and A. G. Kim and M. Y. Kim and J. C. Lee and N. J. Nunes and R. Pain and C. R. Pennypacker and R. Quimby and C. Lidman and R. S. Ellis and M. Irwin and R. G. McMahon and P. Ruiz-Lapuente and N. Walton and B. Schaefer and B. J. Boyle and A. V. Filippenko and T. Matheson and A. S. Fruchter and N. Panagia and H. J. M. Newberg and W. J. Couch and The Supernova Cosmology Project},
title = {Measurements of $\Omega$ and $\Lambda$ from 42 High-Redshift Supernovae},
journal = {The Astrophysical Journal}
}

@article{DESI2024,
    author = "Adame, A. G. and others",
    collaboration = "DESI",
    title = "{DESI 2024 VI: Cosmological Constraints from the Measurements of Baryon Acoustic Oscillations}",
    eprint = "2404.03002",
    archivePrefix = "arXiv",
    primaryClass = "astro-ph.CO",
    reportNumber = "FERMILAB-PUB-24-0154-PPD",
    month = "4",
    year = "2024"
}

@article{ronaldo_inhDE,
    author = "Batista, R. C. and Pace, F.",
    title = "{Structure formation in inhomogeneous Early Dark Energy models}",
    eprint = "1303.0414",
    archivePrefix = "arXiv",
    primaryClass = "astro-ph.CO",
    doi = "10.1088/1475-7516/2013/06/044",
    journal = "JCAP",
    volume = "06",
    pages = "044",
    year = "2013"
}

@ARTICLE{1948_pred_CMB,
       author = {{Alpher}, Ralph A. and {Herman}, Robert},
        title = "{Evolution of the Universe}",
      journal = {Nature},
         year = 1948,
        month = nov,
       volume = {162},
       number = {4124},
        pages = {774-775},
          doi = {10.1038/162774b0},
       adsurl = {https://ui.adsabs.harvard.edu/abs/1948Natur.162..774A},
      adsnote = {Provided by the SAO/NASA Astrophysics Data System}
}

@article{growth_constraint,
  title = {Evidence for Suppression of Structure Growth in the Concordance Cosmological Model},
  author = {Nguyen, Nhat-Minh and Huterer, Dragan and Wen, Yuewei},
  journal = {Phys. Rev. Lett.},
  volume = {131},
  issue = {11},
  pages = {111001},
  numpages = {7},
  year = {2023},
  month = {9},
  publisher = {American Physical Society},
  doi = {10.1103/PhysRevLett.131.111001},
  url = {https://link.aps.org/doi/10.1103/PhysRevLett.131.111001}
}

@article{growth_model,
  title = {Cosmic growth history and expansion history},
  author = {Linder, Eric V.},
  journal = {Phys. Rev. D},
  volume = {72},
  issue = {4},
  pages = {043529},
  numpages = {8},
  year = {2005},
  month = {7},
  publisher = {American Physical Society},
  doi = {10.1103/PhysRevD.72.043529},
  url = {https://link.aps.org/doi/10.1103/PhysRevD.72.043529}
}



@article{Metropolis_hastings,
 ISSN = {00031305},
 URL = {http://www.jstor.org/stable/2684568},
 author = {Siddhartha Chib and Edward Greenberg},
 journal = {The American Statistician},
 number = {4},
 pages = {327--335},
 publisher = {[American Statistical Association, Taylor & Francis, Ltd.]},
 title = {Understanding the Metropolis-Hastings Algorithm},
 urldate = {2024-06-26},
 volume = {49},
 year = {1995}
}

@article{Rminus1_paper92,
author = {Andrew Gelman and Donald B. Rubin},
title = {{Inference from Iterative Simulation Using Multiple Sequences}},
volume = {7},
journal = {Statistical Science},
number = {4},
publisher = {Institute of Mathematical Statistics},
pages = {457 -- 472},
keywords = {Bayesian inference, Convergence of stochastic processes, ECM, EM, Gibbs sampler, importance sampling, Metropolis algorithm, multiple imputation, random-effects model, SIR},
year = {1992},
doi = {10.1214/ss/1177011136},
URL = {https://doi.org/10.1214/ss/1177011136}
}

%%% ISW detections/methods/etc %%%

%1996
@article{ISW_detect_Crittenden1996,
  title = {Looking for a Cosmological Constant with the Rees-Sciama Effect},
  author = {Crittenden, Robert G. and Turok, Neil},
  journal = {Phys. Rev. Lett.},
  volume = {76},
  issue = {4},
  pages = {575--578},
  numpages = {0},
  year = {1996},
  month = {1},
  publisher = {American Physical Society},
  doi = {10.1103/PhysRevLett.76.575},
  url = {https://link.aps.org/doi/10.1103/PhysRevLett.76.575}
}

%2002
@article{ISW_detect_Cooray2002,
  title = {Integrated Sachs-Wolfe effect:  Large scale structure correlation},
  author = {Cooray, Asantha},
  journal = {Phys. Rev. D},
  volume = {65},
  issue = {10},
  pages = {103510},
  numpages = {10},
  year = {2002},
  month = {4},
  publisher = {American Physical Society},
  doi = {10.1103/PhysRevD.65.103510},
  url = {https://link.aps.org/doi/10.1103/PhysRevD.65.103510}
}

%2004
@ARTICLE{ISW_detect_Boughn2004,
  title     = "A correlation between the cosmic microwave background and large-scale structure in the Universe",
  author    = "Boughn, Stephen and Crittenden, Robert",
  journal   = "Nature",
  publisher = "Springer Science and Business Media LLC",
  volume    =  427,
  number    =  6969,
  pages     = "45--47",
  month     =  1,
  year      =  2004
 }
 
%2004
@article{ISW_detect_Nolta2004,
doi = {10.1086/386536},
url = {https://dx.doi.org/10.1086/386536},
year = {2004},
month = {6},
publisher = {},
volume = {608},
number = {1},
pages = {10},
author = {M. R. Nolta and E. L. Wright and L. Page and C. L. Bennett and M. Halpern and G. Hinshaw and N. Jarosik and A. Kogut and M. Limon and S. S. Meyer and D. N. Spergel and G. S. Tucker and E. Wollack},
title = {First Year Wilkinson Microwave Anisotropy Probe Observations: Dark Energy Induced Correlation with Radio Sources},
journal = {The Astrophysical Journal}
}

%2006
@article{ISW_detect_Gaztanga2006,
author = {Gaztañaga, Enrique and Manera, Marc and Multamäki, Tuomas},
title = "{New light on dark cosmos}",
journal = {Monthly Notices of the Royal Astronomical Society},
volume = {365},
number = {1},
pages = {171-177},
year = {2006},
month = {01},
issn = {0035-8711},
doi = {10.1111/j.1365-2966.2005.09680.x},
url = {https://doi.org/10.1111/j.1365-2966.2005.09680.x},
eprint = {https://academic.oup.com/mnras/article-pdf/365/1/171/5534755/365-1-171.pdf},
}

%2009
@article{ISW_detect_Abazajian2009,
doi = {10.1088/0067-0049/182/2/543},
url = {https://dx.doi.org/10.1088/0067-0049/182/2/543},
year = {2009},
month = {5},
publisher = {The American Astronomical Society},
volume = {182},
number = {2},
pages = {543},
author = {Kevork N. Abazajian and Jennifer K. Adelman-McCarthy and Marcel A. Agüeros and Sahar S. Allam and Carlos Allende Prieto and Deokkeun An and Kurt S. J. Anderson and Scott F. Anderson and James Annis and Neta A. Bahcall and C. A. L. Bailer-Jones and J. C. Barentine and Bruce A. Bassett and Andrew C. Becker and Timothy C. Beers and Eric F. Bell and Vasily Belokurov and Andreas A. Berlind and Eileen F. Berman and Mariangela Bernardi and Steven J. Bickerton and Dmitry Bizyaev and John P. Blakeslee and Michael R. Blanton and John J. Bochanski and William N. Boroski and Howard J. Brewington and Jarle Brinchmann and J. Brinkmann and Robert J. Brunner and Tamás Budavári and Larry N. Carey and Samuel Carliles and Michael A. Carr and Francisco J. Castander and David Cinabro and A. J. Connolly and István Csabai and Carlos E. Cunha and Paul C. Czarapata and James R. A. Davenport and Ernst de Haas and Ben Dilday and Mamoru Doi and Daniel J. Eisenstein and Michael L. Evans and N. W. Evans and Xiaohui Fan and Scott D. Friedman and Joshua A. Frieman and Masataka Fukugita and Boris T. Gänsicke and Evalyn Gates and Bruce Gillespie and G. Gilmore and Belinda Gonzalez and Carlos F. Gonzalez and Eva K. Grebel and James E. Gunn and Zsuzsanna Györy and Patrick B. Hall and Paul Harding and Frederick H. Harris and Michael Harvanek and Suzanne L. Hawley and Jeffrey J. E. Hayes and Timothy M. Heckman and John S. Hendry and Gregory S. Hennessy and Robert B. Hindsley and J. Hoblitt and Craig J. Hogan and David W. Hogg and Jon A. Holtzman and Joseph B. Hyde and Shin-ichi Ichikawa and Takashi Ichikawa and Myungshin Im and Željko Ivezić and Sebastian Jester and Linhua Jiang and Jennifer A. Johnson and Anders M. Jorgensen and Mario Jurić and Stephen M. Kent and R. Kessler and S. J. Kleinman and G. R. Knapp and Kohki Konishi and Richard G. Kron and Jurek Krzesinski and Nikolay Kuropatkin and Hubert Lampeitl and Svetlana Lebedeva and Myung Gyoon Lee and Young Sun Lee and R. French Leger and Sébastien Lépine and Nolan Li and Marcos Lima and Huan Lin and Daniel C. Long and Craig P. Loomis and Jon Loveday and Robert H. Lupton and Eugene Magnier and Olena Malanushenko and Viktor Malanushenko and Rachel Mandelbaum and Bruce Margon and John P. Marriner and David Martínez-Delgado and Takahiko Matsubara and Peregrine M. McGehee and Timothy A. McKay and Avery Meiksin and Heather L. Morrison and Fergal Mullally and Jeffrey A. Munn and Tara Murphy and Thomas Nash and Ada Nebot and Eric H. Neilsen and Heidi Jo Newberg and Peter R. Newman and Robert C. Nichol and Tom Nicinski and Maria Nieto-Santisteban and Atsuko Nitta and Sadanori Okamura and Daniel J. Oravetz and Jeremiah P. Ostriker and Russell Owen and Nikhil Padmanabhan and Kaike Pan and Changbom Park and George Pauls and John Peoples and Will J. Percival and Jeffrey R. Pier and Adrian C. Pope and Dimitri Pourbaix and Paul A. Price and Norbert Purger and Thomas Quinn and M. Jordan Raddick and Paola Re Fiorentin and Gordon T. Richards and Michael W. Richmond and Adam G. Riess and Hans-Walter Rix and Constance M. Rockosi and Masao Sako and David J. Schlegel and Donald P. Schneider and Ralf-Dieter Scholz and Matthias R. Schreiber and Axel D. Schwope and Uroš Seljak and Branimir Sesar and Erin Sheldon and Kazu Shimasaku and Valena C. Sibley and A. E. Simmons and Thirupathi Sivarani and J. Allyn Smith and Martin C. Smith and Vernesa Smolčić and Stephanie A. Snedden and Albert Stebbins and Matthias Steinmetz and Chris Stoughton and Michael A. Strauss and Mark SubbaRao and Yasushi Suto and Alexander S. Szalay and István Szapudi and Paula Szkody and Masayuki Tanaka and Max Tegmark and Luis F. A. Teodoro and Aniruddha R. Thakar and Christy A. Tremonti and Douglas L. Tucker and Alan Uomoto and Daniel E. Vanden Berk and Jan Vandenberg and S. Vidrih and Michael S. Vogeley and Wolfgang Voges and Nicole P. Vogt and Yogesh Wadadekar and Shannon Watters and David H. Weinberg and Andrew A. West and Simon D. M. White and Brian C. Wilhite and Alainna C. Wonders and Brian Yanny and D. R. Yocum and Donald G. York and Idit Zehavi and Stefano Zibetti and Daniel B. Zucker},
title = {THE SEVENTH DATA RELEASE OF THE SLOAN DIGITAL SKY SURVEY},
journal = {The Astrophysical Journal Supplement Series}
}

%2011
@article{ISW_detect_and_review2011,
author = {{Dupé, F.-X.} and {Rassat, A.} and {Starck, J.-L.} and {Fadili, M. J.}},
title = {Measuring the integrated Sachs-Wolfe effect},
DOI= "10.1051/0004-6361/201015893",
url= "https://doi.org/10.1051/0004-6361/201015893",
journal = {Astronomy and Astrophysics},
year = 2011,
volume = 534,
pages = "A51",
month = 10
}

%%%%%%%%%%%%%%%%%%%%%%%%%%%%%%%%%%


@manual{wmap_supplement,
    title = {{Wilkinson Microwave Anisotropy Probe (WMAP): Nine-Year Explanatory Supplement}},
    author = {M. R. Greason and M. Limon and E. Wollack and et al.},
    year = {2012},
    note = {Available in electronic form at \url{http://lambda.gsfc.nasa.gov/}},
    organization = {NASA/GSFC},
    address = {Greenbelt, MD}
}

@article{simillar_ISW_analysis,
    author = {Francis, Caroline L. and Peacock, John A.},
    title = "{Integrated Sachs–Wolfe measurements with photometric redshift surveys: 2MASS results and future prospects}",
    journal = {Monthly Notices of the Royal Astronomical Society},
    volume = {406},
    number = {1},
    pages = {2-13},
    year = {2010},
    month = {07},
    issn = {0035-8711},
    doi = {10.1111/j.1365-2966.2010.16278.x},
    url = {https://doi.org/10.1111/j.1365-2966.2010.16278.x},
    eprint = {https://academic.oup.com/mnras/article-pdf/406/1/2/3673745/mnras0406-0002.pdf}
}

@article{Weinberg_Lambda_1989,
  title = {The cosmological constant problem},
  author = {Weinberg, Steven},
  journal = {Rev. Mod. Phys.},
  volume = {61},
  issue = {1},
  pages = {1--23},
  numpages = {0},
  year = {1989},
  month = {1},
  publisher = {American Physical Society},
  doi = {10.1103/RevModPhys.61.1},
  url = {https://link.aps.org/doi/10.1103/RevModPhys.61.1}
}

@ARTICLE{K20_lum_func,
       author = {{Kochanek}, C.~S. and {Pahre}, M.~A. and {Falco}, E.~E. and {Huchra}, J.~P. and {Mader}, J. and {Jarrett}, T.~H. and {Chester}, T. and {Cutri}, R. and {Schneider}, S.~E.},
        title = {The K-Band Galaxy Luminosity Function},
      journal = {The Astrophysical Journal},
     keywords = {Cosmology: Observations, Galaxies: Distances and Redshifts, Galaxies: Luminosity Function, Mass Function, Surveys, Astrophysics},
         year = 2001,
        month = 10,
       volume = {560},
       number = {2},
        pages = {566-579},
          doi = {10.1086/322488},
archivePrefix = {arXiv},
       eprint = {astro-ph/0011456},
 primaryClass = {astro-ph},
}

@ARTICLE{2MPZ,
       author = {{Bilicki}, Maciej and {Jarrett}, Thomas H. and {Peacock}, John A. and {Cluver}, Michelle E. and {Steward}, Louise},
        title = {Two Micron All Sky Survey Photometric Redshift Catalog: A Comprehensive Three-dimensional Census of the Whole Sky},
      journal = {The Astrophysical Journal Supplement Series},
     keywords = {catalogs, galaxies: distances and redshifts, large-scale structure of universe, methods: data analysis, methods: statistical, surveys, Astrophysics - Cosmology and Extragalactic Astrophysics, Astrophysics - Instrumentation and Methods for Astrophysics},
         year = 2014,
        month = 1,
       volume = {210},
       number = {1},
          eid = {9},
        pages = {9},
          doi = {10.1088/0067-0049/210/1/9},
       eprint = {1311.5246},
 primaryClass = {astro-ph.CO}
}

@Article{review_DE_ronaldo,
AUTHOR = {Batista, Ronaldo C.},
TITLE = {A Short Review on Clustering Dark Energy},
JOURNAL = {Universe},
VOLUME = {8},
YEAR = {2022},
NUMBER = {1},
ARTICLE-NUMBER = {22},
URL = {https://www.mdpi.com/2218-1997/8/1/22},
ISSN = {2218-1997},
DOI = {10.3390/universe8010022}
}

@ARTICLE{SuperCOSMOS,
       author = {{Hambly}, N.~C. and {MacGillivray}, H.~T. and {Read}, M.~A. and {Tritton}, S.~B. and {Thomson}, E.~B. and {Kelly}, B.~D. and {Morgan}, D.~H. and {Smith}, R.~E. and {Driver}, S.~P. and {Williamson}, J. and {Parker}, Q.~A. and {Hawkins}, M.~R.~S. and {Williams}, P.~M. and {Lawrence}, A.},
        title = "{The SuperCOSMOS Sky Survey - I. Introduction and description}",
      journal = {Monthly Notices of the Royal Astronomical Society},
     keywords = {astronomical data bases: miscellaneous, catalogues, surveys, stars: general, galaxies: general, cosmology: observations, Astrophysics},
         year = 2001,
        month = 10,
       volume = {326},
       number = {4},
        pages = {1279-1294},
          doi = {10.1111/j.1365-2966.2001.04660.x},
archivePrefix = {arXiv},
       eprint = {astro-ph/0108286},
 primaryClass = {astro-ph}
}

@ARTICLE{WISE,
       author = {{Wright}, Edward L. and {Eisenhardt}, Peter R.~M. and {Mainzer}, Amy K. and {Ressler}, Michael E. and {Cutri}, Roc M. and {Jarrett}, Thomas and {Kirkpatrick}, J. Davy and {Padgett}, Deborah and {McMillan}, Robert S. and {Skrutskie}, Michael and {Stanford}, S.~A. and {Cohen}, Martin and {Walker}, Russell G. and {Mather}, John C. and {Leisawitz}, David and {Gautier}, Thomas N., III and {McLean}, Ian and {Benford}, Dominic and {Lonsdale}, Carol J. and {Blain}, Andrew and {Mendez}, Bryan and {Irace}, William R. and {Duval}, Valerie and {Liu}, Fengchuan and {Royer}, Don and {Heinrichsen}, Ingolf and {Howard}, Joan and {Shannon}, Mark and {Kendall}, Martha and {Walsh}, Amy L. and {Larsen}, Mark and {Cardon}, Joel G. and {Schick}, Scott and {Schwalm}, Mark and {Abid}, Mohamed and {Fabinsky}, Beth and {Naes}, Larry and {Tsai}, Chao-Wei},
        title = "{The Wide-field Infrared Survey Explorer (WISE): Mission Description and Initial On-orbit Performance}",
      journal = {The Astronomical Journal},
     keywords = {infrared: general, space vehicles, surveys, Astrophysics - Instrumentation and Methods for Astrophysics},
         year = 2010,
        month = 12,
       volume = {140},
       number = {6},
        pages = {1868-1881},
          doi = {10.1088/0004-6256/140/6/1868},
archivePrefix = {arXiv},
       eprint = {1008.0031},
 primaryClass = {astro-ph.IM}
}

@article{WMAP_data,
doi = {10.1088/0067-0049/208/2/20},
url = {https://dx.doi.org/10.1088/0067-0049/208/2/20},
year = {2013},
month = {9},
publisher = {The American Astronomical Society},
volume = {208},
number = {2},
pages = {20},
author = {C. L. Bennett and D. Larson and J. L. Weiland and N. Jarosik and G. Hinshaw and N. Odegard and K. M. Smith and R. S. Hill and B. Gold and M. Halpern and E. Komatsu and M. R. Nolta and L. Page and D. N. Spergel and E. Wollack and J. Dunkley and A. Kogut and M. Limon and S. S. Meyer and G. S. Tucker and E. L. Wright},
title = {NINE-YEAR WILKINSON MICROWAVE ANISOTROPY PROBE (WMAP) OBSERVATIONS: FINAL MAPS AND RESULTS},
journal = {The Astrophysical Journal Supplement Series}
}

@article{Larson_2007,
doi = {10.1086/509802},
url = {https://dx.doi.org/10.1086/509802},
year = {2007},
month = {2},
publisher = {},
volume = {656},
number = {2},
pages = {653},
author = {D. L. Larson and H. K. Eriksen and B. D. Wandelt and K. M. Górski and Greg Huey and J. B. Jewell and I. J. O’Dwyer},
title = {Estimation of Polarized Power Spectra by Gibbs Sampling},
journal = {The Astrophysical Journal}
}

@article{Hivon_2002,
doi = {10.1086/338126},
url = {https://dx.doi.org/10.1086/338126},
year = {2002},
month = {3},
publisher = {},
volume = {567},
number = {1},
pages = {2},
author = {Eric Hivon and Krzysztof M. Górski and C. Barth Netterfield and Brendan P. Crill and Simon Prunet and Frode Hansen},
title = {MASTER of the Cosmic Microwave Background Anisotropy Power Spectrum: A Fast Method for Statistical Analysis of Large and Complex Cosmic Microwave Background Data Sets},
journal = {The Astrophysical Journal}
}

@article{Jewell_2004,
doi = {10.1086/383515},
url = {https://dx.doi.org/10.1086/383515},
year = {2004},
month = {7},
publisher = {},
volume = {609},
number = {1},
pages = {1},
author = {J. Jewell and S. Levin and C. H. Anderson},
title = {Application of Monte Carlo Algorithms to the Bayesian Analysis of the Cosmic Microwave Background},
journal = {The Astrophysical Journal}
}

@article{Eriksen_2004,
doi = {10.1086/425219},
url = {https://dx.doi.org/10.1086/425219},
year = {2004},
month = {12},
volume = {155},
number = {2},
pages = {227},
author = {H. K. Eriksen and I. J. O’Dwyer and J. B. Jewell and B. D. Wandelt and D. L. Larson and K. M. Górski and S. Levin and A. J. Banday and P. B. Lilje},
title = {Power Spectrum Estimation from High-Resolution Maps by Gibbs Sampling},
journal = {The Astrophysical Journal Supplement Series}
}

@article{Wandelt_2004,
  title = {Global, exact cosmic microwave background data analysis using Gibbs sampling},
  author = {Wandelt, Benjamin D. and Larson, David L. and Lakshminarayanan, Arun},
  journal = {Phys. Rev. D},
  volume = {70},
  issue = {8},
  pages = {083511},
  numpages = {13},
  year = {2004},
  month = {10},
  publisher = {American Physical Society},
  doi = {10.1103/PhysRevD.70.083511},
  url = {https://link.aps.org/doi/10.1103/PhysRevD.70.083511}
}

@article{Chu_2005,
  title = {Cosmological parameter constraints as derived from the Wilkinson Microwave Anisotropy Probe data via Gibbs sampling and the Blackwell-Rao estimator},
  author = {Chu, M. and Eriksen, H. K. and Knox, L. and G\'orski, K. M. and Jewell, J. B. and Larson, D. L. and O'Dwyer, I. J. and Wandelt, B. D.},
  journal = {Phys. Rev. D},
  volume = {71},
  issue = {10},
  pages = {103002},
  numpages = {11},
  year = {2005},
  month = {5},
  publisher = {American Physical Society},
  doi = {10.1103/PhysRevD.71.103002},
  url = {https://link.aps.org/doi/10.1103/PhysRevD.71.103002}
}


@manual{gsl-manual,
  title     = {GNU Scientific Library Reference Manual},
  edition   = {3rd},
  organization = {{GNU Project}},
  url       = {http://www.gnu.org/software/gsl/}
 }

@article{FLRW_metric,
author = {Melia, Fulvio},
title = {The Friedmann–Lemaître–Robertson–Walker metric},
journal = {Modern Physics Letters A},
volume = {37},
number = {03},
pages = {2250016},
year = {2022},
doi = {10.1142/S021773232250016X},
URL = {https://doi.org/10.1142/S021773232250016X},
eprint = {https://doi.org/10.1142/S021773232250016X}
}

@book{schutz2009first,
  title={A First Course in General Relativity},
  author={Schutz, B.},
  isbn={9780521887052},
  lccn={2009497226},
  year={2009},
  publisher={Cambridge University Press}
}

@misc{lahav2014cosmological,
      title={The Cosmological Parameters 2014}, 
      author={Ofer Lahav and Andrew R Liddle},
      year={2014},
      eprint={1401.1389},
      archivePrefix={arXiv},
      primaryClass={astro-ph.CO}
}

@article{GNU-parallel,
 title = {GNU Parallel 2018},
 author = {O. Tange},
 month = {3},
 url = {https://doi.org/10.5281/zenodo.1146014},
 year = {2018}
}

@book{dodelson2020modern,
  title={Modern Cosmology},
  author={Dodelson, S. and Schmidt, F.},
  isbn={9780128159484},
  lccn={2020936396},
  url={https://books.google.com.br/books?id=GGjfywEACAAJ},
  year={2020},
  publisher={Elsevier Science}
}

@ARTICLE{Healpix,
   author = {{G{\'o}rski}, K.~M. and {Hivon}, E. and {Banday}, A.~J. and 
	{Wandelt}, B.~D. and {Hansen}, F.~K. and {Reinecke}, M. and 
	{Bartelmann}, M.},
    title = "{HEALPix: A Framework for High-Resolution Discretization and Fast Analysis of Data Distributed on the Sphere}",
  journal = {ApJ},
   eprint = {astro-ph/0409513},
 keywords = {Cosmology: Cosmic Microwave Background, Cosmology: Observations, Methods: Statistical},
     year = 2005,
    month = 4,
   volume = 622,
    pages = {759-771},
      doi = {10.1086/427976},
   adsurl = {http://cdsads.u-strasbg.fr/abs/2005ApJ...622..759G},
  adsnote = {Provided by the SAO/NASA Astrophysics Data System}
}

@article{Einstein:1917ce,
    author = "Einstein, Albert",
    title = "{Cosmological Considerations in the General Theory of Relativity}",
    journal = "Sitzungsber. Preuss. Akad. Wiss. Berlin (Math. Phys. )",
    volume = "1917",
    pages = "142--152",
    year = "1917"
}

@article{Guth81,
  title = {Inflationary universe: A possible solution to the horizon and flatness problems},
  author = {Guth, Alan H.},
  journal = {Phys. Rev. D},
  volume = {23},
  issue = {2},
  pages = {347--356},
  numpages = {0},
  year = {1981},
  month = {1},
  publisher = {American Physical Society},
  doi = {10.1103/PhysRevD.23.347},
  url = {https://link.aps.org/doi/10.1103/PhysRevD.23.347}
}

@article{linde82,
title = {A new inflationary universe scenario: A possible solution of the horizon, flatness, homogeneity, isotropy and primordial monopole problems},
journal = {Physics Letters B},
volume = {108},
number = {6},
pages = {389-393},
year = {1982},
issn = {0370-2693},
doi = {https://doi.org/10.1016/0370-2693(82)91219-9},
url = {https://www.sciencedirect.com/science/article/pii/0370269382912199},
author = {A.D. Linde},
}

@article{BMode_constraints,
  title = {Improved Constraints on Primordial Gravitational Waves using Planck, WMAP, and BICEP/Keck Observations through the 2018 Observing Season},
  author = {Ade, P. A. R. and Ahmed, Z. and Amiri, M. and Barkats, D. and Thakur, R. Basu and Bischoff, C. A. and Beck, D. and Bock, J. J. and Boenish, H. and Bullock, E. and Buza, V. and Cheshire, J. R. and Connors, J. and Cornelison, J. and Crumrine, M. and Cukierman, A. and Denison, E. V. and Dierickx, M. and Duband, L. and Eiben, M. and Fatigoni, S. and Filippini, J. P. and Fliescher, S. and Goeckner-Wald, N. and Goldfinger, D. C. and Grayson, J. and Grimes, P. and Hall, G. and Halal, G. and Halpern, M. and Hand, E. and Harrison, S. and Henderson, S. and Hildebrandt, S. R. and Hilton, G. C. and Hubmayr, J. and Hui, H. and Irwin, K. D. and Kang, J. and Karkare, K. S. and Karpel, E. and Kefeli, S. and Kernasovskiy, S. A. and Kovac, J. M. and Kuo, C. L. and Lau, K. and Leitch, E. M. and Lennox, A. and Megerian, K. G. and Minutolo, L. and Moncelsi, L. and Nakato, Y. and Namikawa, T. and Nguyen, H. T. and O'Brient, R. and Ogburn, R. W. and Palladino, S. and Prouve, T. and Pryke, C. and Racine, B. and Reintsema, C. D. and Richter, S. and Schillaci, A. and Schwarz, R. and Schmitt, B. L. and Sheehy, C. D. and Soliman, A. and Germaine, T. St. and Steinbach, B. and Sudiwala, R. V. and Teply, G. P. and Thompson, K. L. and Tolan, J. E. and Tucker, C. and Turner, A. D. and Umilt\`a, C. and Verg\`es, C. and Vieregg, A. G. and Wandui, A. and Weber, A. C. and Wiebe, D. V. and Willmert, J. and Wong, C. L. and Wu, W. L. K. and Yang, H. and Yoon, K. W. and Young, E. and Yu, C. and Zeng, L. and Zhang, C. and Zhang, S.},
  collaboration = {BICEP/Keck Collaboration},
  journal = {Phys. Rev. Lett.},
  volume = {127},
  issue = {15},
  pages = {151301},
  numpages = {10},
  year = {2021},
  month = {10},
  publisher = {American Physical Society},
  doi = {10.1103/PhysRevLett.127.151301},
  url = {https://link.aps.org/doi/10.1103/PhysRevLett.127.151301}
}

@article{CMB_temperature:Fixsen_2009,
doi = {10.1088/0004-637X/707/2/916},
url = {https://dx.doi.org/10.1088/0004-637X/707/2/916},
year = {2009},
month = {11},
publisher = {The American Astronomical Society},
volume = {707},
number = {2},
pages = {916},
author = {D. J. Fixsen},
title = {THE TEMPERATURE OF THE COSMIC MICROWAVE BACKGROUND},
journal = {The Astrophysical Journal}
}


@ARTICLE{hubble,
       author = {{Hubble}, Edwin},
        title = "{A Relation between Distance and Radial Velocity among Extra-Galactic Nebulae}",
      journal = {Proceedings of the National Academy of Science},
         year = 1929,
        month = {03},
       volume = {15},
       number = {3},
        pages = {168-173},
          doi = {10.1073/pnas.15.3.168},
       adsurl = {https://ui.adsabs.harvard.edu/abs/1929PNAS...15..168H},
      adsnote = {Provided by the SAO/NASA Astrophysics Data System}
}

@article{Lemaitre:1927zz,
    author = "Lemaitre, Georges",
    title = "{A Homogeneous Universe of Constant Mass and Growing Radius Accounting for the Radial Velocity of Extragalactic Nebulae}",
    reportNumber = "LOUVAIN-1927-01",
    doi = "10.1007/s10714-013-1548-3",
    journal = "Annales Soc. Sci. Bruxelles A",
    volume = "47",
    pages = "49--59",
    year = "1927"
}

@ARTICLE{1965CMB_discovery,
       author = {{Penzias}, A.~A. and {Wilson}, R.~W.},
        title = "{A Measurement of Excess Antenna Temperature at 4080 Mc/s.}",
      journal = {Astrophysical Journal},
     keywords = {Microwave Background, Cosmic Background Radiation},
         year = 1965,
        month = {7},
       volume = {142},
        pages = {419-421},
          doi = {10.1086/148307},
       adsurl = {https://ui.adsabs.harvard.edu/abs/1965ApJ...142..419P},
      adsnote = {Provided by the SAO/NASA Astrophysics Data System}
}

@article{Sachs:1967er,
    author = "Sachs, R. K. and Wolfe, A. M.",
    title = "{Perturbations of a cosmological model and angular variations of the microwave background}",
    doi = "10.1007/s10714-007-0448-9",
    journal = "Astrophys. J.",
    volume = "147",
    pages = "73--90",
    year = "1967"
}

@article{CAMB:Lewis2002ah,
      author         = "Lewis, Antony and Bridle, Sarah",
      title          = "{Cosmological parameters from CMB and other data: A Monte
                        Carlo approach}",
      journal        = "PRD",
      volume         = "66",
      year           = "2002",
      pages          = "103511",
      doi            = "10.1103/PhysRevD.66.103511",
      eprint         = "astro-ph/0205436",
      archivePrefix  = "arXiv",
      primaryClass   = "astro-ph",
      SLACcitation   = "%%CITATION = ASTRO-PH/0205436;%%"
}

@article{CAMB:Lewis1999bs,
      author         = "Lewis, Antony and Challinor, Anthony and Lasenby,
                        Anthony",
      title          = "{Efficient computation of CMB anisotropies in closed FRW
                        models}",
      journal        = "ApJ",
      volume         = "538",
      year           = "2000",
      pages          = "473-476",
      doi            = "10.1086/309179",
      eprint         = "astro-ph/9911177",
      archivePrefix  = "arXiv",
      primaryClass   = "astro-ph",
      SLACcitation   = "%%CITATION = ASTRO-PH/9911177;%%"
}

@article{Moura-Santos_2016,
doi = {10.3847/0004-637X/826/2/121},
url = {https://dx.doi.org/10.3847/0004-637X/826/2/121},
year = {2016},
month = {7},
publisher = {The American Astronomical Society},
volume = {826},
number = {2},
pages = {121},
author = {E. Moura-Santos and F. C. Carvalho and M. Penna-Lima and C. P. Novaes and C. A. Wuensche},
title = {A Bayesian Estimate of the CMB–large-scale Structure Cross-correlation},
journal = {The Astrophysical Journal}
}

@ARTICLE{JLA,
       author = {{Betoule}, M. and {Kessler}, R. and {Guy}, J. and {Mosher}, J. and {Hardin}, D. and {Biswas}, R. and {Astier}, P. and {El-Hage}, P. and {Konig}, M. and {Kuhlmann}, S. and {Marriner}, J. and {Pain}, R. and {Regnault}, N. and {Balland}, C. and {Bassett}, B.~A. and {Brown}, P.~J. and {Campbell}, H. and {Carlberg}, R.~G. and {Cellier-Holzem}, F. and {Cinabro}, D. and {Conley}, A. and {D'Andrea}, C.~B. and {DePoy}, D.~L. and {Doi}, M. and {Ellis}, R.~S. and {Fabbro}, S. and {Filippenko}, A.~V. and {Foley}, R.~J. and {Frieman}, J.~A. and {Fouchez}, D. and {Galbany}, L. and {Goobar}, A. and {Gupta}, R.~R. and {Hill}, G.~J. and {Hlozek}, R. and {Hogan}, C.~J. and {Hook}, I.~M. and {Howell}, D.~A. and {Jha}, S.~W. and {Le Guillou}, L. and {Leloudas}, G. and {Lidman}, C. and {Marshall}, J.~L. and {M{\"o}ller}, A. and {Mour{\~a}o}, A.~M. and {Neveu}, J. and {Nichol}, R. and {Olmstead}, M.~D. and {Palanque-Delabrouille}, N. and {Perlmutter}, S. and {Prieto}, J.~L. and {Pritchet}, C.~J. and {Richmond}, M. and {Riess}, A.~G. and {Ruhlmann-Kleider}, V. and {Sako}, M. and {Schahmaneche}, K. and {Schneider}, D.~P. and {Smith}, M. and {Sollerman}, J. and {Sullivan}, M. and {Walton}, N.~A. and {Wheeler}, C.~J.},
        title = "{Improved cosmological constraints from a joint analysis of the SDSS-II and SNLS supernova samples}",
      journal = {Astronomy \& Astrophysics},
     keywords = {cosmology: observations, distance scale, dark energy, Astrophysics - Cosmology and Nongalactic Astrophysics},
         year = 2014,
        month = 8,
       volume = {568},
          eid = {A22},
        pages = {A22},
          doi = {10.1051/0004-6361/201423413},
archivePrefix = {arXiv},
       eprint = {1401.4064},
 primaryClass = {astro-ph.CO},
       adsurl = {https://ui.adsabs.harvard.edu/abs/2014A&A...568A..22B}
}

@ARTICLE{SDSS,
       author = {{Bautista}, Julian E. and {Busca}, Nicol{\'a}s G. and {Guy}, Julien and {Rich}, James and {Blomqvist}, Michael and {du Mas des Bourboux}, H{\'e}lion and {Pieri}, Matthew M. and {Font-Ribera}, Andreu and {Bailey}, Stephen and {Delubac}, Timoth{\'e}e and {Kirkby}, David and {Le Goff}, Jean-Marc and {Margala}, Daniel and {Slosar}, An{\v{z}}e and {Vazquez}, Jose Alberto and {Brownstein}, Joel R. and {Dawson}, Kyle S. and {Eisenstein}, Daniel J. and {Miralda-Escud{\'e}}, Jordi and {Noterdaeme}, Pasquier and {Palanque-Delabrouille}, Nathalie and {P{\^a}ris}, Isabelle and {Petitjean}, Patrick and {Ross}, Nicholas P. and {Schneider}, Donald P. and {Weinberg}, David H. and {Y{\`e}che}, Christophe},
        title = "{Measurement of baryon acoustic oscillation correlations at z = 2.3 with SDSS DR12 Ly{\ensuremath{\alpha}}-Forests}",
      journal = {Astronomy \& Astrophysics},
     keywords = {cosmological parameters, dark energy, Astrophysics - Cosmology and Nongalactic Astrophysics},
         year = 2017,
        month = 6,
       volume = {603},
          eid = {A12},
        pages = {A12},
          doi = {10.1051/0004-6361/201730533},
archivePrefix = {arXiv},
       eprint = {1702.00176},
 primaryClass = {astro-ph.CO}
}


@article{DE_models,
    author = "Motta, Ver\'onica and Garc\'\i{}a-Aspeitia, Miguel A. and Hern\'andez-Almada, Alberto and Maga\~na, Juan and Verdugo, Tom\'as",
    title = "{Taxonomy of Dark Energy Models}",
    eprint = "2104.04642",
    archivePrefix = "arXiv",
    primaryClass = "astro-ph.CO",
    doi = "10.3390/universe7060163",
    journal = "Universe",
    volume = "7",
    number = "6",
    pages = "163",
    year = "2021"
}

@article{DE_sound,
doi = {10.1088/1475-7516/2018/04/043},
url = {https://dx.doi.org/10.1088/1475-7516/2018/04/043},
year = {2018},
month = {4},
publisher = {},
volume = {2018},
number = {04},
pages = {043},
author = {Mark S. Linton and Alkistis Pourtsidou and Robert Crittenden and Roy Maartens},
title = {Variable sound speed in interacting dark energy models},
journal = {Journal of Cosmology and Astroparticle Physics}
}

@ARTICLE{DE_variable_soundspeed_Linton2018,
  title     = "Variable sound speed in interacting dark energy models",
  author    = "Linton, Mark S and Pourtsidou, Alkistis and Crittenden, Robert
               and Maartens, Roy",
  journal   = "J. Cosmol. Astropart. Phys.",
  publisher = "IOP Publishing",
  volume    =  2018,
  number    =  04,
  pages     = "043--043",
  month     =  04,
  year      =  2018,
  copyright = "http://iopscience.iop.org/page/copyright"
}

@article{CPL_DE_parametrization,
  title = {Exploring the Expansion History of the Universe},
  author = {Linder, Eric V.},
  journal = {Phys. Rev. Lett.},
  volume = {90},
  issue = {9},
  pages = {091301},
  numpages = {4},
  year = {2003},
  month = {03},
  publisher = {American Physical Society},
  doi = {10.1103/PhysRevLett.90.091301},
  url = {https://link.aps.org/doi/10.1103/PhysRevLett.90.091301}
}

@article{FSLL_DE_parametrization,
doi = {10.1088/1475-7516/2012/09/023},
url = {https://dx.doi.org/10.1088/1475-7516/2012/09/023},
year = {2012},
month = {09},
publisher = {},
volume = {2012},
number = {09},
pages = {023},
author = {Chao-Jun Feng and  Xian-Yong Shen and  Ping Li and  Xin-Zhou Li},
title = {A new class of parametrization for dark energy without divergence},
journal = {Journal of Cosmology and Astroparticle Physics}
}

@article{DEDM_fluid,
  title = {Stability analysis and constraints on interacting viscous cosmology},
  author = {Hern\'andez-Almada, A. and Garc\'{\i}a-Aspeitia, Miguel A. and Maga\~na, Juan and Motta, V.},
  journal = {Phys. Rev. D},
  volume = {101},
  issue = {6},
  pages = {063516},
  numpages = {10},
  year = {2020},
  month = {03},
  publisher = {American Physical Society},
  doi = {10.1103/PhysRevD.101.063516},
  url = {https://link.aps.org/doi/10.1103/PhysRevD.101.063516}
}

@article{Brane_cosmo_model,
doi = {10.1088/1475-7516/2019/10/007},
url = {https://dx.doi.org/10.1088/1475-7516/2019/10/007},
year = {2019},
month = {10},
publisher = {},
volume = {2019},
number = {10},
pages = {007},
author = {A. Amariti and C. Charmousis and D. Forcella and E. Kiritsis and F. Nitti},
title = {Brane cosmology and the self-tuning of the cosmological constant},
journal = {Journal of Cosmology and Astroparticle Physics}
}


@ARTICLE{COBE_calibration,
       author = {{Fixsen}, D.~J. and {Cheng}, E.~S. and {Cottingham}, D.~A. and {Eplee}, R.~E., Jr. and {Hewagama}, T. and {Isaacman}, R.~B. and {Jensen}, K.~A. and {Mather}, J.~C. and {Massa}, D.~L. and {Meyer}, S.~S. and {Noerdlinger}, P.~D. and {Read}, S.~M. and {Rosen}, L.~P. and {Shafer}, R.~A. and {Trenholme}, A.~R. and {Weiss}, R. and {Bennett}, C.~L. and {Boggess}, N.~W. and {Wilkinson}, D.~T. and {Wright}, E.~L.},
        title = "{Calibration of the COBE FIRAS Instrument}",
      journal = {The Astrophysical Journal},
     keywords = {Background Radiation, Calibrating, Cosmic Background Explorer Satellite, Mathematical Models, Michelson Interferometers, Angular Resolution, Data Reduction, Error Analysis, Fourier Transformation, Pixels, Signal Processing, Signal To Noise Ratios, Astrophysics, COSMOLOGY: COSMIC MICROWAVE BACKGROUND, INSTRUMENTATION: SPECTROGRAPHS},
         year = 1994,
        month = 1,
       volume = {420},
        pages = {457},
          doi = {10.1086/173577},
       adsurl = {https://ui.adsabs.harvard.edu/abs/1994ApJ...420..457F}
}

@masterthesis{esteban_msc,
    author = {Esteban Ricardo Chalbaud Mogollón},
    title = {Kinematic effects and the break of statistical isotropy of the cosmic microwave background fluctuations},
    school = {Instituto de Física da Universidade de São Paulo},
    year = {2021},
    doi = {https://doi.org/10.11606/D.43.2021.tde-31052021-162009}
}

@article{cross_corr:Crittenden2005a,
    author = {Boughn, S. P. and Crittenden, R. G.},
    title = "{The cross-correlation between the microwave and X-ray backgrounds: foregrounds and systematics}",
    journal = {Monthly Notices of the Royal Astronomical Society},
    volume = {360},
    number = {3},
    pages = {1013-1021},
    year = {2005},
    month = {07},
    issn = {0035-8711},
    doi = {10.1111/j.1365-2966.2005.09090.x},
    url = {https://doi.org/10.1111/j.1365-2966.2005.09090.x},
    eprint = {https://academic.oup.com/mnras/article-pdf/360/3/1013/3178164/360-3-1013.pdf},
}

@article{cross_corr:Crittenden2005b,
title = {A detection of the integrated Sachs–Wolfe effect},
journal = {New Astronomy Reviews},
volume = {49},
number = {2},
pages = {75-78},
year = {2005},
note = {Sources and Detection of Dark Matter and Dark Energy in the Universe},
issn = {1387-6473},
doi = {https://doi.org/10.1016/j.newar.2005.01.005},
url = {https://www.sciencedirect.com/science/article/pii/S1387647305000096},
author = {S.P. Boughn and R.G. Crittenden}
}

@article{2MASS,
doi = {10.1086/498708},
url = {https://dx.doi.org/10.1086/498708},
year = {2006},
month = {2},
publisher = {},
volume = {131},
number = {2},
pages = {1163},
author = {M. F. Skrutskie and R. M. Cutri and R. Stiening and M. D. Weinberg and S. Schneider and J. M. Carpenter and C. Beichman and R. Capps and T. Chester and J. Elias and J. Huchra and J. Liebert and C. Lonsdale and D. G. Monet and S. Price and P. Seitzer and T. Jarrett and J. D. Kirkpatrick and J. E. Gizis and E. Howard and T. Evans and J. Fowler and L. Fullmer and R. Hurt and R. Light and E. L. Kopan and K. A. Marsh and H. L. McCallon and R. Tam and S. Van Dyk and S. Wheelock},
title = {The Two Micron All Sky Survey (2MASS)},
journal = {The Astronomical Journal}
}

@article{Schlegel_1998,
doi = {10.1086/305772},
url = {https://dx.doi.org/10.1086/305772},
year = {1998},
month = {6},
publisher = {},
volume = {500},
number = {2},
pages = {525},
author = {David J. Schlegel and Douglas P. Finkbeiner and Marc Davis},
title = {Maps of Dust Infrared Emission for Use in Estimation of Reddening and Cosmic Microwave Background Radiation Foregrounds},
journal = {The Astrophysical Journal}
}

@article{NVSS,
doi = {10.1086/300337},
url = {https://dx.doi.org/10.1086/300337},
year = {1998},
month = {05},
publisher = {},
volume = {115},
number = {5},
pages = {1693},
author = {J. J. Condon and W. D. Cotton and E. W. Greisen and Q. F. Yin and R. A. Perley and G. B. Taylor and J. J. Broderick},
title = {The NRAO VLA Sky Survey},
journal = {The Astronomical Journal}
}

@article{cross_corr:Afshordi,
  title = {Cross-correlation of the cosmic microwave background with the 2MASS galaxy survey: Signatures of dark energy, hot gas, and point sources},
  author = {Afshordi, Niayesh and Loh, Yeong-Shang and Strauss, Michael A.},
  journal = {Phys. Rev. D},
  volume = {69},
  issue = {8},
  pages = {083524},
  numpages = {15},
  year = {2004},
  month = {04},
  publisher = {American Physical Society},
  doi = {10.1103/PhysRevD.69.083524},
  url = {https://link.aps.org/doi/10.1103/PhysRevD.69.083524}
}
@article{cross_corr:Planck,
	author = {{Planck Collaboration} and {Ade, P. A. R.} and {Aghanim, N.} and {Arnaud, M.} and {Ashdown, M.} and {Aumont, J.} and {Baccigalupi, C.} and {Banday, A. J.} and {Barreiro, R. B.} and {Bartolo, N.} and {Basak, S.} and {Battaner, E.} and {Benabed, K.} and {Benoît, A.} and {Benoit-Lévy, A.} and {Bernard, J.-P.} and {Bersanelli, M.} and {Bielewicz, P.} and {Bock, J. J.} and {Bonaldi, A.} and {Bonavera, L.} and {Bond, J. R.} and {Borrill, J.} and {Bouchet, F. R.} and {Bucher, M.} and {Burigana, C.} and {Butler, R. C.} and {Calabrese, E.} and {Cardoso, J.-F.} and {Casaponsa, B.} and {Catalano, A.} and {Challinor, A.} and {Chamballu, A.} and {Chiang, H. C.} and {Christensen, P. R.} and {Church, S.} and {Clements, D. L.} and {Colombi, S.} and {Colombo, L. P. L.} and {Combet, C.} and {Couchot, F.} and {Coulais, A.} and {Crill, B. P.} and {Curto, A.} and {Cuttaia, F.} and {Danese, L.} and {Davies, R. D.} and {Davis, R. J.} and {de Bernardis, P.} and {de Rosa, A.} and {de Zotti, G.} and {Delabrouille, J.} and {Désert, F.-X.} and {Diego, J. M.} and {Dole, H.} and {Donzelli, S.} and {Doré, O.} and {Douspis, M.} and {Ducout, A.} and {Dupac, X.} and {Efstathiou, G.} and {Elsner, F.} and {Enßlin, T. A.} and {Eriksen, H. K.} and {Fergusson, J.} and {Fernandez-Cobos, R.} and {Finelli, F.} and {Forni, O.} and {Frailis, M.} and {Fraisse, A. A.} and {Franceschi, E.} and {Frejsel, A.} and {Galeotta, S.} and {Galli, S.} and {Ganga, K.} and {Génova-Santos, R. T.} and {Giard, M.} and {Giraud-Héraud, Y.} and {Gjerløw, E.} and {González-Nuevo, J.} and {Górski, K. M.} and {Gratton, S.} and {Gregorio, A.} and {Gruppuso, A.} and {Gudmundsson, J. E.} and {Hansen, F. K.} and {Hanson, D.} and {Harrison, D. L.} and {Henrot-Versillé, S.} and {Hernández-Monteagudo, C.} and {Herranz, D.} and {Hildebrandt, S. R.} and {Hivon, E.} and {Hobson, M.} and {Holmes, W. A.} and {Hornstrup, A.} and {Hovest, W.} and {Huffenberger, K. M.} and {Hurier, G.} and {Ilić, S.} and {Jaffe, A. H.} and {Jaffe, T. R.} and {Jones, W. C.} and {Juvela, M.} and {Keihänen, E.} and {Keskitalo, R.} and {Kisner, T. S.} and {Kneissl, R.} and {Knoche, J.} and {Kunz, M.} and {Kurki-Suonio, H.} and {Lagache, G.} and {Lähteenmäki, A.} and {Lamarre, J.-M.} and {Langer, M.} and {Lasenby, A.} and {Lattanzi, M.} and {Lawrence, C. R.} and {Leonardi, R.} and {Lesgourgues, J.} and {Levrier, F.} and {Liguori, M.} and {Lilje, P. B.} and {Linden-Vørnle, M.} and {López-Caniego, M.} and {Lubin, P. M.} and {Ma, Y.-Z.} and {Macías-Pérez, J. F.} and {Maggio, G.} and {Maino, D.} and {Mandolesi, N.} and {Mangilli, A.} and {Marcos-Caballero, A.} and {Maris, M.} and {Martin, P. G.} and {Martínez-González, E.} and {Masi, S.} and {Matarrese, S.} and {McGehee, P.} and {Meinhold, P. R.} and {Melchiorri, A.} and {Mendes, L.} and {Mennella, A.} and {Migliaccio, M.} and {Mitra, S.} and {Miville-Deschênes, M.-A.} and {Moneti, A.} and {Montier, L.} and {Morgante, G.} and {Mortlock, D.} and {Moss, A.} and {Munshi, D.} and {Murphy, J. A.} and {Naselsky, P.} and {Nati, F.} and {Natoli, P.} and {Netterfield, C. B.} and {Nørgaard-Nielsen, H. U.} and {Noviello, F.} and {Novikov, D.} and {Novikov, I.} and {Oxborrow, C. A.} and {Paci, F.} and {Pagano, L.} and {Pajot, F.} and {Paoletti, D.} and {Pasian, F.} and {Patanchon, G.} and {Perdereau, O.} and {Perotto, L.} and {Perrotta, F.} and {Pettorino, V.} and {Piacentini, F.} and {Piat, M.} and {Pierpaoli, E.} and {Pietrobon, D.} and {Plaszczynski, S.} and {Pointecouteau, E.} and {Polenta, G.} and {Popa, L.} and {Pratt, G. W.} and {Prézeau, G.} and {Prunet, S.} and {Puget, J.-L.} and {Rachen, J. P.} and {Reach, W. T.} and {Rebolo, R.} and {Reinecke, M.} and {Remazeilles, M.} and {Renault, C.} and {Renzi, A.} and {Ristorcelli, I.} and {Rocha, G.} and {Rosset, C.} and {Rossetti, M.} and {Roudier, G.} and {Rubiño-Martín, J. A.} and {Rusholme, B.} and {Sandri, M.} and {Santos, D.} and {Savelainen, M.} and {Savini, G.} and {Schaefer, B. M.} and {Scott, D.} and {Seiffert, M. D.} and {Shellard, E. P. S.} and {Spencer, L. D.} and {Stolyarov, V.} and {Stompor, R.} and {Sudiwala, R.} and {Sunyaev, R.} and {Sutton, D.} and {Suur-Uski, A.-S.} and {Sygnet, J.-F.} and {Tauber, J. A.} and {Terenzi, L.} and {Toffolatti, L.} and {Tomasi, M.} and {Tristram, M.} and {Tucci, M.} and {Tuovinen, J.} and {Valenziano, L.} and {Valiviita, J.} and {Van Tent, F.} and {Vielva, P.} and {Villa, F.} and {Wade, L. A.} and {Wandelt, B. D.} and {Wehus, I. K.} and {Yvon, D.} and {Zacchei, A.} and {Zonca, A.}},
	title = {Planck 2015 results - XXI. The integrated Sachs-Wolfe effect},
	DOI= "10.1051/0004-6361/201525831",
	url= "https://doi.org/10.1051/0004-6361/201525831",
	journal = {A\&A},
	year = 2016,
	volume = 594,
	pages = "A21",
}

@article{Halofit2020,
    author = {Mead, A J and Brieden, S and Tröster, T and Heymans, C},
    title = "{hmcode-2020: improved modelling of non-linear cosmological power spectra with baryonic feedback}",
    journal = {Monthly Notices of the Royal Astronomical Society},
    volume = {502},
    number = {1},
    pages = {1401-1422},
    year = {2021},
    month = {01},
    issn = {0035-8711},
    doi = {10.1093/mnras/stab082},
    url = {https://doi.org/10.1093/mnras/stab082},
    eprint = {https://academic.oup.com/mnras/article-pdf/502/1/1401/42438464/stab082.pdf},
}

@article{select_func_par:Afshordi2004,
  title = {Cross-correlation of the cosmic microwave background with the 2MASS galaxy survey: Signatures of dark energy, hot gas, and point sources},
  author = {Afshordi, Niayesh and Loh, Yeong-Shang and Strauss, Michael A.},
  journal = {Phys. Rev. D},
  volume = {69},
  issue = {8},
  pages = {083524},
  numpages = {15},
  year = {2004},
  month = {4},
  publisher = {American Physical Society},
  doi = {10.1103/PhysRevD.69.083524},
  url = {https://link.aps.org/doi/10.1103/PhysRevD.69.083524}
}

@MISC{CobayaASCL,
       author = {{Torrado}, Jes{\'u}s and {Lewis}, Antony},
        title = "{Cobaya: Bayesian analysis in cosmology}",
     keywords = {Software},
 howpublished = {Astrophysics Source Code Library, record ascl:1910.019},
         year = 2019,
        month = 10,
          eid = {ascl:1910.019},
        pages = {ascl:1910.019},
archivePrefix = {ascl},
       eprint = {1910.019},
       adsurl = {https://ui.adsabs.harvard.edu/abs/2019ascl.soft10019T},
      adsnote = {Provided by the SAO/NASA Astrophysics Data System}
}

@article{Cobaya_preprint,
	doi = {10.1088/1475-7516/2021/05/057},
	url = {https://doi.org/10.1088\%2F1475-7516\%2F2021\%2F05\%2F057},
	year = 2021,
	month = {5},
	publisher = {{IOP} Publishing},
	volume = {2021},
	number = {05},
	pages = {057},
	author = {Jes{\'{u}}s Torrado and Antony Lewis},
	title = {Cobaya: code for Bayesian analysis of hierarchical physical models},
	journal = {Journal of Cosmology and Astroparticle Physics}
}

@book{choquet2008general,
  title={General Relativity and the Einstein Equations},
  author={Choquet-Bruhat, Y.},
  isbn={9780191578854},
  series={Oxford Mathematical Monographs},
  url={https://books.google.com.br/books?id=UjHbm5rfpi8C},
  year={2008},
  publisher={OUP Oxford}
}

@article{Turok96,
  title = {Looking for a Cosmological Constant with the Rees-Sciama Effect},
  author = {Crittenden, Robert G. and Turok, Neil},
  journal = {Phys. Rev. Lett.},
  volume = {76},
  issue = {4},
  pages = {575--578},
  numpages = {0},
  year = {1996},
  month = {1},
  publisher = {American Physical Society},
  doi = {10.1103/PhysRevLett.76.575},
  url = {https://link.aps.org/doi/10.1103/PhysRevLett.76.575}
}


@misc{theplanckcollaboration2006scientific,
      title={The Scientific Programme of Planck}, 
      author={The Planck Collaboration},
      year={2006},
      eprint={astro-ph/0604069},
      archivePrefix={arXiv},
      primaryClass={astro-ph}
}

@ARTICLE{COBE,
       author = {{Fixsen}, D.~J. and {Cheng}, E.~S. and {Cottingham}, D.~A. and {Eplee}, R.~E., Jr. and {Hewagama}, T. and {Isaacman}, R.~B. and {Jensen}, K.~A. and {Mather}, J.~C. and {Massa}, D.~L. and {Meyer}, S.~S. and {Noerdlinger}, P.~D. and {Read}, S.~M. and {Rosen}, L.~P. and {Shafer}, R.~A. and {Trenholme}, A.~R. and {Weiss}, R. and {Bennett}, C.~L. and {Boggess}, N.~W. and {Wilkinson}, D.~T. and {Wright}, E.~L.},
        title = "{Calibration of the COBE FIRAS Instrument}",
      journal = {The Astrophysical Journal},
     keywords = {Background Radiation, Calibrating, Cosmic Background Explorer Satellite, Mathematical Models, Michelson Interferometers, Angular Resolution, Data Reduction, Error Analysis, Fourier Transformation, Pixels, Signal Processing, Signal To Noise Ratios, Astrophysics, COSMOLOGY: COSMIC MICROWAVE BACKGROUND, INSTRUMENTATION: SPECTROGRAPHS},
         year = 1994,
        month = 1,
       volume = {420},
        pages = {457},
          doi = {10.1086/173577},
       adsurl = {https://ui.adsabs.harvard.edu/abs/1994ApJ...420..457F},
      adsnote = {Provided by the SAO/NASA Astrophysics Data System}
}

@article{WMAP_results,
doi = {10.1088/0067-0049/180/2/225},
url = {https://dx.doi.org/10.1088/0067-0049/180/2/225},
year = {2009},
month = {2},
publisher = {The American Astronomical Society},
volume = {180},
number = {2},
pages = {225},
author = {G. Hinshaw and J. L. Weiland and R. S. Hill and N. Odegard and D. Larson and C. L. Bennett and J. Dunkley and B. Gold and M. R. Greason and N. Jarosik and E. Komatsu and M. R. Nolta and L. Page and D. N. Spergel and E. Wollack and M. Halpern and A. Kogut and M. Limon and S. S. Meyer and G. S. Tucker and E. L. Wright},
title = {FIVE-YEAR WILKINSON MICROWAVE ANISOTROPY PROBE* OBSERVATIONS: DATA PROCESSING, SKY MAPS, AND BASIC RESULTS},
journal = {The Astrophysical Journal Supplement Series}
}

@article{dark_energy_era,
title = {The dark energy–dominated Universe},
journal = {Astroparticle Physics},
volume = {23},
number = {2},
pages = {279-286},
year = {2005},
issn = {0927-6505},
doi = {https://doi.org/10.1016/j.astropartphys.2004.12.004},
url = {https://www.sciencedirect.com/science/article/pii/S0927650504002087},
author = {José Carlos N. {de Araujo}},
keywords = {Cosmology theory, Cosmological parameters, Cosmological constant, Dark energy, Dark matter}
}

@article{galaxy_isotropy,
    author = {Sarkar, Suman and Pandey, Biswajit and Khatri, Rishi},
    title = "{Testing isotropy in the Universe using photometric and spectroscopic data from the SDSS}",
    journal = {Monthly Notices of the Royal Astronomical Society},
    volume = {483},
    number = {2},
    pages = {2453-2464},
    year = {2018},
    month = {11},
    issn = {0035-8711},
    doi = {10.1093/mnras/sty3272},
    url = {https://doi.org/10.1093/mnras/sty3272},
    eprint = {https://academic.oup.com/mnras/article-pdf/483/2/2453/27184728/sty3272.pdf}
}

@article{galaxy_homogeneity_Pandey_2021,
doi = {10.1088/1475-7516/2021/07/019},
url = {https://dx.doi.org/10.1088/1475-7516/2021/07/019},
year = {2021},
month = {07},
publisher = {IOP Publishing},
volume = {2021},
number = {07},
pages = {019},
author = {Biswajit Pandey and Suman Sarkar},
title = {Testing homogeneity of the galaxy distribution in the SDSS using Renyi entropy},
journal = {Journal of Cosmology and Astroparticle Physics}
}

@article{polarization_1997,
  title = {A Probe of Primordial Gravity Waves and Vorticity},
  author = {Kamionkowski, Marc and Kosowsky, Arthur and Stebbins, Albert},
  journal = {Phys. Rev. Lett.},
  volume = {78},
  issue = {11},
  pages = {2058--2061},
  numpages = {0},
  year = {1997},
  month = {03},
  publisher = {American Physical Society},
  doi = {10.1103/PhysRevLett.78.2058},
  url = {https://link.aps.org/doi/10.1103/PhysRevLett.78.2058}
}

@article{polarization_2014,
  title = {CMB polarization can constrain cosmology better than CMB temperature},
  author = {Galli, Silvia and Benabed, Karim and Bouchet, Fran\ifmmode \mbox{\c{c}}\else \c{c}\fi{}ois and Cardoso, Jean-Fran\ifmmode \mbox{\c{c}}\else \c{c}\fi{}ois and Elsner, Franz and Hivon, Eric and Mangilli, Anna and Prunet, Simon and Wandelt, Benjamin},
  journal = {Phys. Rev. D},
  volume = {90},
  issue = {6},
  pages = {063504},
  numpages = {14},
  year = {2014},
  month = {09},
  publisher = {American Physical Society},
  doi = {10.1103/PhysRevD.90.063504},
  url = {https://link.aps.org/doi/10.1103/PhysRevD.90.063504}
}


@ARTICLE{CMB_analytical_anisotropies,
       author = {{Hu}, Wayne and {Sugiyama}, Naoshi},
        title = "{Anisotropies in the Cosmic Microwave Background: an Analytic Approach}",
      journal = {The Astrophysical Journal},
     keywords = {Anisotropy, Astronomical Models, Background Radiation, Cosmic Rays, Cosmology, Microwaves, Temperature Gradients, Baryons, Boltzmann Distribution, Dark Matter, Doppler Effect, Gravitational Effects, Photons, Astronomy, COSMOLOGY: COSMIC MICROWAVE BACKGROUND, COSMOLOGY: THEORY, Astrophysics},
         year = 1995,
        month = 5,
       volume = {444},
        pages = {489},
          doi = {10.1086/175624},
archivePrefix = {arXiv},
       eprint = {astro-ph/9407093},
 primaryClass = {astro-ph},
       adsurl = {https://ui.adsabs.harvard.edu/abs/1995ApJ...444..489H},
      adsnote = {Provided by the SAO/NASA Astrophysics Data System}
}

@article{Hubble_tension_review,
author = {Kamionkowski, Marc and Riess, Adam G.},
title = {The Hubble Tension and Early Dark Energy},
journal = {Annual Review of Nuclear and Particle Science},
volume = {73},
number = {1},
pages = {153-180},
year = {2023},
doi = {10.1146/annurev-nucl-111422-024107},
URL = {https://doi.org/10.1146/annurev-nucl-111422-024107},
eprint = {https://doi.org/10.1146/annurev-nucl-111422-024107}
}

@article{Planck_doppler,
	author = {{Planck Collaboration} and {Aghanim, N.} and {Armitage-Caplan, C.} and {Arnaud, M.} and {Ashdown, M.} and {Atrio-Barandela, F.} and {Aumont, J.} and {Baccigalupi, C.} and {Banday, A. J.} and {Barreiro, R. B.} and {Bartlett, J. G.} and {Benabed, K.} and {Benoit-Lévy, A.} and {Bernard, J.-P.} and {Bersanelli, M.} and {Bielewicz, P.} and {Bobin, J.} and {Bock, J. J.} and {Bond, J. R.} and {Borrill, J.} and {Bouchet, F. R.} and {Bridges, M.} and {Burigana, C.} and {Butler, R. C.} and {Cardoso, J.-F.} and {Catalano, A.} and {Challinor, A.} and {Chamballu, A.} and {Chiang, H. C.} and {Chiang, L.-Y} and {Christensen, P. R.} and {Clements, D. L.} and {Colombo, L. P. L.} and {Couchot, F.} and {Crill, B. P.} and {Curto, A.} and {Cuttaia, F.} and {Danese, L.} and {Davies, R. D.} and {Davis, R. J.} and {de Bernardis, P.} and {de Rosa, A.} and {de Zotti, G.} and {Delabrouille, J.} and {Diego, J. M.} and {Donzelli, S.} and {Doré, O.} and {Dupac, X.} and {Efstathiou, G.} and {Enßlin, T. A.} and {Eriksen, H. K.} and {Finelli, F.} and {Forni, O.} and {Frailis, M.} and {Franceschi, E.} and {Galeotta, S.} and {Ganga, K.} and {Giard, M.} and {Giardino, G.} and {González-Nuevo, J.} and {Górski, K. M.} and {Gratton, S.} and {Gregorio, A.} and {Gruppuso, A.} and {Hansen, F. K.} and {Hanson, D.} and {Harrison, D. L.} and {Helou, G.} and {Hildebrandt, S. R.} and {Hivon, E.} and {Hobson, M.} and {Holmes, W. A.} and {Hovest, W.} and {Huffenberger, K. M.} and {Jones, W. C.} and {Juvela, M.} and {Keihänen, E.} and {Keskitalo, R.} and {Kisner, T. S.} and {Knoche, J.} and {Knox, L.} and {Kunz, M.} and {Kurki-Suonio, H.} and {Lähteenmäki, A.} and {Lamarre, J.-M.} and {Lasenby, A.} and {Laureijs, R. J.} and {Lawrence, C. R.} and {Leonardi, R.} and {Lewis, A.} and {Liguori, M.} and {Lilje, P. B.} and {Linden-Vørnle, M.} and {López-Caniego, M.} and {Lubin, P. M.} and {Macías-Pérez, J. F.} and {Mandolesi, N.} and {Maris, M.} and {Marshall, D. J.} and {Martin, P. G.} and {Martínez-González, E.} and {Masi, S.} and {Massardi, M.} and {Matarrese, S.} and {Mazzotta, P.} and {Meinhold, P. R.} and {Melchiorri, A.} and {Mendes, L.} and {Migliaccio, M.} and {Mitra, S.} and {Moneti, A.} and {Montier, L.} and {Morgante, G.} and {Mortlock, D.} and {Moss, A.} and {Munshi, D.} and {Naselsky, P.} and {Nati, F.} and {Natoli, P.} and {Nørgaard-Nielsen, H. U.} and {Noviello, F.} and {Novikov, D.} and {Novikov, I.} and {Osborne, S.} and {Oxborrow, C. A.} and {Pagano, L.} and {Pajot, F.} and {Paoletti, D.} and {Pasian, F.} and {Patanchon, G.} and {Perdereau, O.} and {Perrotta, F.} and {Piacentini, F.} and {Pierpaoli, E.} and {Pietrobon, D.} and {Plaszczynski, S.} and {Pointecouteau, E.} and {Polenta, G.} and {Ponthieu, N.} and {Popa, L.} and {Pratt, G. W.} and {Prézeau, G.} and {Puget, J.-L.} and {Rachen, J. P.} and {Reach, W. T.} and {Reinecke, M.} and {Ricciardi, S.} and {Riller, T.} and {Ristorcelli, I.} and {Rocha, G.} and {Rosset, C.} and {Rubiño-Martín, J. A.} and {Rusholme, B.} and {Santos, D.} and {Savini, G.} and {Scott, D.} and {Seiffert, M. D.} and {Shellard, E. P. S.} and {Spencer, L. D.} and {Sunyaev, R.} and {Sureau, F.} and {Suur-Uski, A.-S.} and {Sygnet, J.-F.} and {Tauber, J. A.} and {Tavagnacco, D.} and {Terenzi, L.} and {Toffolatti, L.} and {Tomasi, M.} and {Tristram, M.} and {Tucci, M.} and {Türler, M.} and {Valenziano, L.} and {Valiviita, J.} and {Van Tent, B.} and {Vielva, P.} and {Villa, F.} and {Vittorio, N.} and {Wade, L. A.} and {Wandelt, B. D.} and {White, M.} and {Yvon, D.} and {Zacchei, A.} and {Zibin, J. P.} and {Zonca, A.}},
	title = {Planck 2013 results. XXVII. Doppler boosting
          of the CMB: Eppur si muove},
	DOI= "10.1051/0004-6361/201321556",
	url= "https://doi.org/10.1051/0004-6361/201321556",
	journal = {Astronomy \& Astrophysics},
	year = 2014,
	volume = 571,
	pages = "A27",
}

@article{Planck_results,
	author = {{Planck Collaboration} and {Aghanim, N.} and {Akrami, Y.} and {Ashdown, M.} and {Aumont, J.} and {Baccigalupi, C.} and {Ballardini, M.} and {Banday, A. J.} and {Barreiro, R. B.} and {Bartolo, N.} and {Basak, S.} and {Battye, R.} and {Benabed, K.} and {Bernard, J.-P.} and {Bersanelli, M.} and {Bielewicz, P.} and {Bock, J. J.} and {Bond, J. R.} and {Borrill, J.} and {Bouchet, F. R.} and {Boulanger, F.} and {Bucher, M.} and {Burigana, C.} and {Butler, R. C.} and {Calabrese, E.} and {Cardoso, J.-F.} and {Carron, J.} and {Challinor, A.} and {Chiang, H. C.} and {Chluba, J.} and {Colombo, L. P. L.} and {Combet, C.} and {Contreras, D.} and {Crill, B. P.} and {Cuttaia, F.} and {de Bernardis, P.} and {de Zotti, G.} and {Delabrouille, J.} and {Delouis, J.-M.} and {Di Valentino, E.} and {Diego, J. M.} and {Dor\'e, O.} and {Douspis, M.} and {Ducout, A.} and {Dupac, X.} and {Dusini, S.} and {Efstathiou, G.} and {Elsner, F.} and {En\ss{}lin, T. A.} and {Eriksen, H. K.} and {Fantaye, Y.} and {Farhang, M.} and {Fergusson, J.} and {Fernandez-Cobos, R.} and {Finelli, F.} and {Forastieri, F.} and {Frailis, M.} and {Fraisse, A. A.} and {Franceschi, E.} and {Frolov, A.} and {Galeotta, S.} and {Galli, S.} and {Ganga, K.} and {G\'enova-Santos, R. T.} and {Gerbino, M.} and {Ghosh, T.} and {Gonz\'alez-Nuevo, J.} and {G\'orski, K. M.} and {Gratton, S.} and {Gruppuso, A.} and {Gudmundsson, J. E.} and {Hamann, J.} and {Handley, W.} and {Hansen, F. K.} and {Herranz, D.} and {Hildebrandt, S. R.} and {Hivon, E.} and {Huang, Z.} and {Jaffe, A. H.} and {Jones, W. C.} and {Karakci, A.} and {Keih\"anen, E.} and {Keskitalo, R.} and {Kiiveri, K.} and {Kim, J.} and {Kisner, T. S.} and {Knox, L.} and {Krachmalnicoff, N.} and {Kunz, M.} and {Kurki-Suonio, H.} and {Lagache, G.} and {Lamarre, J.-M.} and {Lasenby, A.} and {Lattanzi, M.} and {Lawrence, C. R.} and {Le Jeune, M.} and {Lemos, P.} and {Lesgourgues, J.} and {Levrier, F.} and {Lewis, A.} and {Liguori, M.} and {Lilje, P. B.} and {Lilley, M.} and {Lindholm, V.} and {L\'opez-Caniego, M.} and {Lubin, P. M.} and {Ma, Y.-Z.} and {Mac\'{\i}as-P\'erez, J. F.} and {Maggio, G.} and {Maino, D.} and {Mandolesi, N.} and {Mangilli, A.} and {Marcos-Caballero, A.} and {Maris, M.} and {Martin, P. G.} and {Martinelli, M.} and {Mart\'{\i}nez-Gonz\'alez, E.} and {Matarrese, S.} and {Mauri, N.} and {McEwen, J. D.} and {Meinhold, P. R.} and {Melchiorri, A.} and {Mennella, A.} and {Migliaccio, M.} and {Millea, M.} and {Mitra, S.} and {Miville-Desch\^enes, M.-A.} and {Molinari, D.} and {Montier, L.} and {Morgante, G.} and {Moss, A.} and {Natoli, P.} and {N\o{}rgaard-Nielsen, H. U.} and {Pagano, L.} and {Paoletti, D.} and {Partridge, B.} and {Patanchon, G.} and {Peiris, H. V.} and {Perrotta, F.} and {Pettorino, V.} and {Piacentini, F.} and {Polastri, L.} and {Polenta, G.} and {Puget, J.-L.} and {Rachen, J. P.} and {Reinecke, M.} and {Remazeilles, M.} and {Renzi, A.} and {Rocha, G.} and {Rosset, C.} and {Roudier, G.} and {Rubi\~no-Mart\'{\i}n, J. A.} and {Ruiz-Granados, B.} and {Salvati, L.} and {Sandri, M.} and {Savelainen, M.} and {Scott, D.} and {Shellard, E. P. S.} and {Sirignano, C.} and {Sirri, G.} and {Spencer, L. D.} and {Sunyaev, R.} and {Suur-Uski, A.-S.} and {Tauber, J. A.} and {Tavagnacco, D.} and {Tenti, M.} and {Toffolatti, L.} and {Tomasi, M.} and {Trombetti, T.} and {Valenziano, L.} and {Valiviita, J.} and {Van Tent, B.} and {Vibert, L.} and {Vielva, P.} and {Villa, F.} and {Vittorio, N.} and {Wandelt, B. D.} and {Wehus, I. K.} and {White, M.} and {White, S. D. M.} and {Zacchei, A.} and {Zonca, A.}},
	title = {Planck 2018 results - VI. Cosmological parameters (Corrigendum)},
	DOI= "10.1051/0004-6361/201833910e",
	url= "https://doi.org/10.1051/0004-6361/201833910e",
	journal = {Astronomy \& Astrophysics},
	year = 2021,
	volume = 652,
	pages = "C4",
}

@article{Planck_spectra,
	author = {{Planck Collaboration} and {Aghanim, N.} and {Akrami, Y.} and {Ashdown, M.} and {Aumont, J.} and {Baccigalupi, C.} and {Ballardini, M.} and {Banday, A. J.} and {Barreiro, R. B.} and {Bartolo, N.} and {Basak, S.} and {Benabed, K.} and {Bernard, J.-P.} and {Bersanelli, M.} and {Bielewicz, P.} and {Bock, J. J.} and {Bond, J. R.} and {Borrill, J.} and {Bouchet, F. R.} and {Boulanger, F.} and {Bucher, M.} and {Burigana, C.} and {Butler, R. C.} and {Calabrese, E.} and {Cardoso, J.-F.} and {Carron, J.} and {Casaponsa, B.} and {Challinor, A.} and {Chiang, H. C.} and {Colombo, L. P. L.} and {Combet, C.} and {Crill, B. P.} and {Cuttaia, F.} and {de Bernardis, P.} and {de Rosa, A.} and {de Zotti, G.} and {Delabrouille, J.} and {Delouis, J.-M.} and {Di Valentino, E.} and {Diego, J. M.} and {Doré, O.} and {Douspis, M.} and {Ducout, A.} and {Dupac, X.} and {Dusini, S.} and {Efstathiou, G.} and {Elsner, F.} and {Enßlin, T. A.} and {Eriksen, H. K.} and {Fantaye, Y.} and {Fernandez-Cobos, R.} and {Finelli, F.} and {Frailis, M.} and {Fraisse, A. A.} and {Franceschi, E.} and {Frolov, A.} and {Galeotta, S.} and {Galli, S.} and {Ganga, K.} and {Génova-Santos, R. T.} and {Gerbino, M.} and {Ghosh, T.} and {Giraud-Héraud, Y.} and {González-Nuevo, J.} and {Górski, K. M.} and {Gratton, S.} and {Gruppuso, A.} and {Gudmundsson, J. E.} and {Hamann, J.} and {Handley, W.} and {Hansen, F. K.} and {Herranz, D.} and {Hivon, E.} and {Huang, Z.} and {Jaffe, A. H.} and {Jones, W. C.} and {Keihänen, E.} and {Keskitalo, R.} and {Kiiveri, K.} and {Kim, J.} and {Kisner, T. S.} and {Krachmalnicoff, N.} and {Kunz, M.} and {Kurki-Suonio, H.} and {Lagache, G.} and {Lamarre, J.-M.} and {Lasenby, A.} and {Lattanzi, M.} and {Lawrence, C. R.} and {Le Jeune, M.} and {Levrier, F.} and {Lewis, A.} and {Liguori, M.} and {Lilje, P. B.} and {Lilley, M.} and {Lindholm, V.} and {López-Caniego, M.} and {Lubin, P. M.} and {Ma, Y.-Z.} and {Macías-Pérez, J. F.} and {Maggio, G.} and {Maino, D.} and {Mandolesi, N.} and {Mangilli, A.} and {Marcos-Caballero, A.} and {Maris, M.} and {Martin, P. G.} and {Martínez-González, E.} and {Matarrese, S.} and {Mauri, N.} and {McEwen, J. D.} and {Meinhold, P. R.} and {Melchiorri, A.} and {Mennella, A.} and {Migliaccio, M.} and {Millea, M.} and {Miville-Deschênes, M.-A.} and {Molinari, D.} and {Moneti, A.} and {Montier, L.} and {Morgante, G.} and {Moss, A.} and {Natoli, P.} and {Nørgaard-Nielsen, H. U.} and {Pagano, L.} and {Paoletti, D.} and {Partridge, B.} and {Patanchon, G.} and {Peiris, H. V.} and {Perrotta, F.} and {Pettorino, V.} and {Piacentini, F.} and {Polenta, G.} and {Puget, J.-L.} and {Rachen, J. P.} and {Reinecke, M.} and {Remazeilles, M.} and {Renzi, A.} and {Rocha, G.} and {Rosset, C.} and {Roudier, G.} and {Rubiño-Martín, J. A.} and {Ruiz-Granados, B.} and {Salvati, L.} and {Sandri, M.} and {Savelainen, M.} and {Scott, D.} and {Shellard, E. P. S.} and {Sirignano, C.} and {Sirri, G.} and {Spencer, L. D.} and {Sunyaev, R.} and {Suur-Uski, A.-S.} and {Tauber, J. A.} and {Tavagnacco, D.} and {Tenti, M.} and {Toffolatti, L.} and {Tomasi, M.} and {Trombetti, T.} and {Valiviita, J.} and {Van Tent, B.} and {Vielva, P.} and {Villa, F.} and {Vittorio, N.} and {Wandelt, B. D.} and {Wehus, I. K.} and {Zacchei, A.} and {Zonca, A.}},
	title = {Planck 2018 results - V. CMB power spectra and likelihoods},
	DOI= "10.1051/0004-6361/201936386",
	url= "https://doi.org/10.1051/0004-6361/201936386",
	journal = {Astronomy \& Astrophysics},
	year = 2020,
	volume = 641,
	pages = "A5",
}

@article{nongaussianity_inflation,
    author = "Chen, Xingang",
    title = "{Primordial Non-Gaussianities from Inflation Models}",
    eprint = "1002.1416",
    archivePrefix = "arXiv",
    primaryClass = "astro-ph.CO",
    doi = "10.1155/2010/638979",
    journal = "Adv. Astron.",
    volume = "2010",
    pages = "638979",
    year = "2010"
}

@article{Large_scale_anomalies,
doi = {10.1088/1361-6382/abc521},
url = {https://dx.doi.org/10.1088/1361-6382/abc521},
year = {2021},
month = {2},
publisher = {IOP Publishing},
volume = {38},
number = {6},
pages = {065010},
author = {Ivan Agullo and Dimitrios Kranas and V Sreenath},
title = {Large scale anomalies in the CMB and non-Gaussianity in bouncing cosmologies},
journal = {Classical and Quantum Gravity},
}

@article{rees_sciama_effect,
  title = {Looking for a Cosmological Constant with the Rees-Sciama Effect},
  author = {Crittenden, Robert G. and Turok, Neil},
  journal = {Phys. Rev. Lett.},
  volume = {76},
  issue = {4},
  pages = {575--578},
  numpages = {0},
  year = {1996},
  month = {1},
  publisher = {American Physical Society},
  doi = {10.1103/PhysRevLett.76.575},
  url = {https://link.aps.org/doi/10.1103/PhysRevLett.76.575}
}

@article{CMB_physical_explanation,
  author={Peebles, P. J. E. and Yu, J. T.},
  title={Primeval adiabatic perturbation in an expanding universe},
  year={1970},
  journal={Astrophys. J.},
  volume={162},
  pages={815--836},
  doi={10.1086/150713},
}

@article{Gibbs_sampling,
 ISSN = {00031305},
 URL = {http://www.jstor.org/stable/2685208},
 author = {George Casella and Edward I. George},
 journal = {The American Statistician},
 number = {3},
 pages = {167--174},
 publisher = {[American Statistical Association, Taylor & Francis, Ltd.]},
 title = {Explaining the Gibbs Sampler},
 urldate = {2023-08-07},
 volume = {46},
 year = {1992}
}

